<?xml version="1.0" encoding="UTF-8"?><collection xmlns="http://www.loc.gov/MARC21/slim"><record><leader>00367nam--2200121-i-4500</leader><controlfield tag="001">000040640</controlfield><controlfield tag="002">20161230</controlfield><controlfield tag="005">20161230201042</controlfield><controlfield tag="008">060222s1000------------r-----000-0-eng-d</controlfield><datafield ind1=" " ind2=" " tag="100"><subfield code="a">Schonberg,M</subfield></datafield><datafield ind1=" " ind2=" " tag="245"><subfield code="a">Sur la theorie des perturbations en mechanique quantique. ii. spectres continus et mistes</subfield></datafield><datafield ind1=" " ind2=" " tag="260"><subfield code="a">Bologna, Nicola Zanichelli Editore, 1951. 31 P</subfield></datafield><datafield ind1=" " ind2=" " tag="852"><subfield code="a">5528</subfield></datafield></record></collection>